%% This BibTeX bibliography file was created using BibDesk.
%% http://bibdesk.sourceforge.net/


%% Created for Vadim Kotov at 2013-05-30 09:30:27 +0600 


%% Saved with string encoding Unicode (UTF-8) 



@book{belsky,
	Author = {Scott Belsky},
	Date-Added = {2013-05-27 18:23:35 +0000},
	Date-Modified = {2013-05-27 18:24:12 +0000},
	Keywords = {techniques},
	Title = {Making Ideas Happen}}

@article{clark-team-motivation,
	Author = {Richard Clark},
	Date-Added = {2013-05-27 17:51:32 +0000},
	Date-Modified = {2013-05-27 17:52:12 +0000},
	Journal = {Performance Improvement},
	Keywords = {strategies},
	Title = {Research-Tested Team Motivation Strategies}}

@book{spitzer,
	Author = {Dean Spitzer},
	Date-Added = {2013-05-27 17:47:27 +0000},
	Date-Modified = {2013-05-27 17:48:42 +0000},
	Keywords = {strategies},
	Publisher = {Soundview Executive Book Summaries},
	Title = {Supermotivation}}

@book{oconnor,
	Author = {Joseph O'Connor and Ian McDermott},
	Date-Added = {2013-05-27 16:52:52 +0000},
	Date-Modified = {2013-05-27 16:53:47 +0000},
	Keywords = {techniques},
	Title = {The Systems Thinking}}

@book{fazar,
	Author = {Willard Fazar},
	Date-Added = {2013-05-27 08:12:01 +0000},
	Date-Modified = {2013-05-27 08:13:08 +0000},
	Keywords = {techniques},
	Month = {April},
	Title = {The American Statistition},
	Year = {1959}}

@article{gottesdiener,
	Author = {Ellen Gottesdiener},
	Date-Added = {2013-05-27 01:30:07 +0000},
	Date-Modified = {2013-05-27 01:32:20 +0000},
	Journal = {Application Development Trends},
	Keywords = {techniques},
	Title = {RAD realities: beyond the hype to how RAD really works}}

@misc{scrum-guide,
	Date-Added = {2013-05-27 01:09:16 +0000},
	Date-Modified = {2013-05-27 01:09:56 +0000},
	Keywords = {techniques},
	Title = {The Scrum Guide, \url{http://scrum.org}}}

@misc{schaaf,
	Author = {Robert Schaaf},
	Date-Added = {2013-05-26 16:28:54 +0000},
	Date-Modified = {2013-05-26 16:30:11 +0000},
	Keywords = {techniques},
	Title = {Agility XL, \url{http://www.sstc-online.org/Proceedings/2007/pdfs/RJS1722.pdf}}}

@misc{ambler,
	Author = {W. Scott Ambler},
	Date-Added = {2013-05-26 16:27:02 +0000},
	Date-Modified = {2013-05-26 16:28:04 +0000},
	Keywords = {techniques},
	Title = {Supersize Me, \url{http://www.drdobbs.com/184415491}},
	Year = {2006}}

@misc{beck,
	Author = {Kent Beck},
	Date-Added = {2013-05-26 16:19:39 +0000},
	Date-Modified = {2013-05-26 16:20:54 +0000},
	Keywords = {techniques},
	Title = {Principles behind the Agile Manifesto, \url{http://www.agilemanifesto.org/principles.html}},
	Year = {2010}}

@misc{agile-manifesto,
	Date-Added = {2013-05-25 11:32:36 +0000},
	Date-Modified = {2013-05-25 11:33:11 +0000},
	Keywords = {techniques},
	Title = {Agile Manifesto, \url{http://www.agilemanifesto.org/}}}

@book{nokes,
	Author = {Sebastian Nokes},
	Date-Added = {2013-05-25 11:08:42 +0000},
	Date-Modified = {2013-05-25 11:10:13 +0000},
	Keywords = {techniques},
	Publisher = {Financial Times, Prentice Hall},
	Series = {ISBN 978-0-273-71097-4},
	Title = {The Definitive Guide to Project Management},
	Year = {2007}}

@book{chatfield,
	Author = {Carl Chatfield},
	Date-Added = {2013-05-25 11:05:26 +0000},
	Date-Modified = {2013-05-25 11:07:56 +0000},
	Keywords = {techniques},
	Publisher = {Microsoft},
	Title = {A short course in project management, \url{http://office.microsoft.com/en-us/project-help/a-short-course-in-project-management-HA010235482.aspx}}}

@book{brandon,
	Author = {Dan Brandon},
	Date-Added = {2013-05-25 10:50:30 +0000},
	Date-Modified = {2013-05-25 11:05:58 +0000},
	Keywords = {techniques},
	Publisher = {IRM Press},
	Title = {Project Management for Modern Information Systems},
	Year = {2006}}
